<?xml version="1.0"?>
<marc:records xmlns:marc="http://www.loc.gov/MARC21/slim" xmlns:xsi="http://www.w3.org/2001/XMLSchema-instance" xsi:schemaLocation="http://www.loc.gov/MARC21/slim http://www.loc.gov/standards/marcxml/schema/MARC21slim.xsd">
  <marc:record>
    <marc:leader>03455ctm a2200457Ia 4500</marc:leader>
    <marc:controlfield tag="001">9977254850203681</marc:controlfield>
    <marc:controlfield tag="005">20180326015002.0</marc:controlfield>
    <marc:controlfield tag="008">180314s1931    tu a          000 0 arc d</marc:controlfield>
    <marc:datafield ind1=" " ind2=" " tag="035">
  <marc:subfield code="a">(OCoLC)1028641255</marc:subfield>
</marc:datafield>
    <marc:datafield ind1=" " ind2=" " tag="035">
  <marc:subfield code="a">(OCoLC)on1028641255</marc:subfield>
</marc:datafield>
    <marc:datafield ind1=" " ind2=" " tag="040">
  <marc:subfield code="a">PAU</marc:subfield>
  <marc:subfield code="b">eng</marc:subfield>
  <marc:subfield code="c">PAU</marc:subfield>
  <marc:subfield code="e">dacs</marc:subfield>
  <marc:subfield code="d">PAU</marc:subfield>
</marc:datafield>
    <marc:datafield ind1="0" ind2=" " tag="041">
  <marc:subfield code="a">arc</marc:subfield>
  <marc:subfield code="a">heb</marc:subfield>
  <marc:subfield code="a">tur</marc:subfield>
</marc:datafield>
    <marc:datafield ind1=" " ind2=" " tag="043">
  <marc:subfield code="a">a-tu---</marc:subfield>
</marc:datafield>
    <marc:datafield ind1=" " ind2=" " tag="049">
  <marc:subfield code="a">PAUU</marc:subfield>
</marc:datafield>
    <marc:datafield ind1=" " ind2="9" tag="099">
  <marc:subfield code="a">CAJS Rar Ms 473</marc:subfield>
</marc:datafield>
    <marc:datafield ind1="0" ind2="0" tag="245">
  <marc:subfield code="a">Marriage contract,</marc:subfield>
  <marc:subfield code="f">5692 (1931).</marc:subfield>
</marc:datafield>
    <marc:datafield ind1="3" ind2=" " tag="246">
  <marc:subfield code="6">880-01</marc:subfield>
  <marc:subfield code="a">Ketubah : Izmir</marc:subfield>
</marc:datafield>
    <marc:datafield ind1=" " ind2=" " tag="300">
  <marc:subfield code="a">1 leaf :</marc:subfield>
  <marc:subfield code="b">paper, illustrations ;</marc:subfield>
  <marc:subfield code="c">61.7 X 46.4 cm</marc:subfield>
</marc:datafield>
    <marc:datafield ind1=" " ind2=" " tag="500">
  <marc:subfield code="6">880-02</marc:subfield>
  <marc:subfield code="a">The wedding took place on the Second day [Sun. night] of the week, 20th day of the month of Kislev&#x323; in the year 5692 [29 Nov. 1931] in the city of Izmir. The groom is Menah&#x323;em ha-Kohen, called Bekhor, H.y.v&#x323;., ben k. ha-R. Shim&#x2BB;on ha-Kohen, n. &#x2BB;E. The bride is Luna bat k. ha-R. Shabtai Mizrah&#x323;i, H.y.v&#x323;.  Witnesses: Bekhor Yosif [?]; Binyamin Nah&#x323;um.</marc:subfield>
</marc:datafield>
    <marc:datafield ind1=" " ind2=" " tag="500">
  <marc:subfield code="a">Foxing. Light stains with no loss of text.</marc:subfield>
</marc:datafield>
    <marc:datafield ind1=" " ind2=" " tag="520">
  <marc:subfield code="a">Printed ketubah form in golden ink with manuscript standard ketubah text in black ink in Aramaic and Hebrew in Sephardic semi-cursive script. Decorative columns and illustrations with verses from Scripture and words of blessing in Hebrew in square letters above ketubah text. Blanks with Turkish labels completed with ms. Turkish names (Menahem Kohen, Luna) and dates (29/11/931) in the middle left of the form, with the oval stamp of Kolelot Yehude Izmir. At top right of form is round stamp of Bet Din Tsedek&#x323; Y.B. Ts., Izmir, with ms. notation signed by Bekhor Yitsh&#x323;ak&#x323; K&#x323;at&#x323;an. Wedding took place on the night of 20 Kislev&#x323; 5692 (29 Nov. 1931), in Izmir, Turkey. Groom's signature (first name only) in roman script between witness signatures. Form printed by G. Tatikian, Izmir, Turkey, with ms. enumeration No. 471.</marc:subfield>
</marc:datafield>
    <marc:datafield ind1=" " ind2=" " tag="546">
  <marc:subfield code="a">Turkish, Aramaic, and Hebrew</marc:subfield>
  <marc:subfield code="b">(Sephardic semi-cursive)</marc:subfield>
</marc:datafield>
    <marc:datafield ind1="1" ind2=" " tag="561">
  <marc:subfield code="a">Sold at auction at Sotheby's, from the estate of Shlomo Moussaieff, 20 Dec. 2017, lot 112.</marc:subfield>
</marc:datafield>
    <marc:datafield ind1="1" ind2="0" tag="600">
  <marc:subfield code="a">Kohen, Menahem ben Shim&#x2BB;on</marc:subfield>
  <marc:subfield code="x">Marriage.</marc:subfield>
</marc:datafield>
    <marc:datafield ind1="0" ind2="0" tag="600">
  <marc:subfield code="a">Luna bat Shabtai Mizrah&#x323;i</marc:subfield>
  <marc:subfield code="x">Marriage.</marc:subfield>
</marc:datafield>
    <marc:datafield ind1=" " ind2="0" tag="650">
  <marc:subfield code="a">Ketubah</marc:subfield>
  <marc:subfield code="v">Specimens.</marc:subfield>
</marc:datafield>
    <marc:datafield ind1=" " ind2="0" tag="650">
  <marc:subfield code="a">Prenuptial agreements (Jewish law)</marc:subfield>
  <marc:subfield code="v">Specimens.</marc:subfield>
</marc:datafield>
    <marc:datafield ind1=" " ind2="0" tag="650">
  <marc:subfield code="a">Marriage (Jewish law)</marc:subfield>
</marc:datafield>
    <marc:datafield ind1=" " ind2="0" tag="651">
  <marc:subfield code="a">I&#x307;zmir (Turkey)</marc:subfield>
</marc:datafield>
    <marc:datafield ind1=" " ind2="7" tag="655">
  <marc:subfield code="a">Ketubahs.</marc:subfield>
  <marc:subfield code="2">aat</marc:subfield>
</marc:datafield>
    <marc:datafield ind1=" " ind2="7" tag="655">
  <marc:subfield code="a">Marriage certificates.</marc:subfield>
  <marc:subfield code="2">aat</marc:subfield>
</marc:datafield>
    <marc:datafield ind1=" " ind2="7" tag="655">
  <marc:subfield code="a">Blank forms.</marc:subfield>
  <marc:subfield code="2">aat</marc:subfield>
</marc:datafield>
    <marc:datafield ind1=" " ind2="0" tag="655">
  <marc:subfield code="a">Manuscripts, Hebrew</marc:subfield>
  <marc:subfield code="y">20th century.</marc:subfield>
</marc:datafield>
    <marc:datafield ind1="1" ind2=" " tag="700">
  <marc:subfield code="a">Nah&#x323;um, Binyamin,</marc:subfield>
  <marc:subfield code="e">witness.</marc:subfield>
</marc:datafield>
    <marc:datafield ind1="1" ind2=" " tag="700">
  <marc:subfield code="a">K&#x323;at&#x323;an, Bekhor Yitsh&#x323;ak&#x323;,</marc:subfield>
  <marc:subfield code="e">signer.</marc:subfield>
</marc:datafield>
    <marc:datafield ind1="1" ind2=" " tag="700">
  <marc:subfield code="a">Tatikian, G.,</marc:subfield>
  <marc:subfield code="e">printer.</marc:subfield>
</marc:datafield>
    <marc:datafield ind1="1" ind2=" " tag="700">
  <marc:subfield code="a">Moussaieff, Shlomo,</marc:subfield>
  <marc:subfield code="e">former owner.</marc:subfield>
</marc:datafield>
    <marc:datafield ind1=" " ind2=" " tag="852">
  <marc:subfield code="b">Library at the Herbert D. Katz Center for Advanced Judaic Studies</marc:subfield>
  <marc:subfield code="a">University of Pennsylvania</marc:subfield>
  <marc:subfield code="e">420 Walnut Street, Philadelphia, Pennsylvania 19106-3703.</marc:subfield>
  <marc:subfield code="j">CAJS Rar Ms 473</marc:subfield>
</marc:datafield>
    <marc:datafield ind1="3" ind2=" " tag="880">
  <marc:subfield code="6">246-01/r</marc:subfield>
  <marc:subfield code="a">&#x5DB;&#x5EA;&#x5D5;&#x5D1;&#x5D4; : &#x5D0;&#x5D6;&#x5DE;&#x5D9;&#x5E8;</marc:subfield>
</marc:datafield>
    <marc:datafield ind1=" " ind2=" " tag="880">
  <marc:subfield code="6">500-02/r</marc:subfield>
  <marc:subfield code="a">"&#x5D1;&#x5E9;&#x5E0;&#x5D9; &#x5D1;&#x5E9;&#x5D1;&#x5EA; &#x5E2;&#x5E9;&#x5E8;&#x5D9;&#x5DD; &#x5D9;&#x5D5;&#x5DD; &#x5DC;&#x5D7;&#x5D3;&#x5E9; &#x5DB;&#x5E1;&#x5DC;&#x5D5; &#x5E9;&#x5E0;&#x5EA; 5692 &#x5DC;&#x5D1;&#x5E8;&#x5D9;&#x5D0;&#x5EA; &#x5E2;&#x5D5;&#x5DC;&#x5DD; &#x5DC;&#x5DE;&#x5E0;&#x5D9;&#x5DF; &#x5E9;&#x5D0;&#x5E0;&#x5D5; &#x5DE;&#x5E0;&#x5D9;&#x5DF; &#x5DB;&#x5D0;&#x5DF; &#x5D1;&#x5DE;&#x5EA;&#x5D0; &#x5D0;&#x5D6;&#x5DE;&#x5D9;&#x5E8; &#x5D9;&#x5E2;"&#x5D0; &#x5D3;&#x5E2;&#x5DC; &#x5DB;&#x5D9;&#x5E3; &#x5D9;&#x5DE;&#x5D0; [?] &#x5D5;&#x5DE;&#x5DE;&#x5D9;&#x5DE;&#x5D9; &#x5DE;&#x5E2;&#x5D9;&#x5D9;&#x5E0;&#x5D5;&#x5EA; &#x5D5;&#x5D1;&#x5D0;&#x5E8;&#x5EA; &#x5DE;&#x5E1;&#x5EA;&#x5E4;&#x5E7;&#x5D0; &#x5D0;&#x5DE;&#x5E8; &#x5D4;&#x5D7;&#x5EA;&#x5DF; ... &#x5DB;&#x5D4;"&#x5E8; &#x5DE;&#x5E0;&#x5D7;&#x5DD; &#x5D4;&#x5DB;&#x5D4;&#x5DF; &#x5D3;&#x5DE;&#x5EA;&#x5E7;&#x5E8;&#x5D9; &#x5D1;&#x5DB;&#x5D5;&#x5E8; &#x5D4;&#x5D9;"&#x5D5; &#x5D1;&#x5DF; &#x5DB;&#x5D4;"&#x5E8; &#x5E9;&#x5DE;&#x5E2;&#x5D5;&#x5DF; &#x5D4;&#x5DB;&#x5D4;&#x5DF; &#x5E0;"&#x5E2; &#x5DC;&#x5D9;&#x5E2;&#x5DC;&#x5EA; &#x5D7;&#x5DF; ... &#x5D1;&#x5EA;&#x5D5;&#x5DC;&#x5EA;&#x5D0; &#x5DB;&#x5DC;&#x5EA;&#x5D0; &#x5D3;&#x5D0; &#x5DE;&#x5E8;&#x5EA; &#x5DC;&#x5D5;&#x5E0;&#x5D0; &#x5EA;&#x5DE;"&#x5D0; &#x5D1;&#x5EA; ... &#x5DB;&#x5D4;"&#x5E8; &#x5E9;&#x5D1;&#x5EA;&#x5D9; &#x5DE;&#x5D6;&#x5E8;&#x5D7;&#x5D9; &#x5D4;&#x5D9;"&#x5D5; &#x5D4;&#x5D5;&#x5D9; &#x5DC;&#x5D9; &#x5DC;&#x5D0;&#x5E0;&#x5EA;&#x5D5; &#x5DB;&#x5D3;&#x5EA; &#x5DE;&#x5E9;&#x5D4; &#x5D5;&#x5D9;&#x5E9;&#x5E8;&#x5D0;&#x5DC; ... &#x5D4;&#x5E6;&#x5E2;&#x5D9;&#x5E8; &#x5D1;&#x5DB;&#x5D5;&#x5E8; &#x5D9;&#x5D5;&#x5E1;&#x5D9;&#x5E3; [?]; &#x5D4;&#x5E6;&#x5E2;&#x5D9;&#x5E8; &#x5D1;&#x5E0;&#x5D9;&#x5DE;&#x5D9;&#x5DF; &#x5E0;&#x5D7;&#x5D5;&#x5DD;."</marc:subfield>
</marc:datafield>
    <marc:holdings>
      <marc:holding>
        <marc:holding_id>22534307260003681</marc:holding_id>
        <marc:call_number>CAJS Rar Ms 473</marc:call_number>
        <marc:library>KatzLib</marc:library>
        <marc:location>cjsrarms</marc:location>
      </marc:holding>
    </marc:holdings>
  </marc:record>
</marc:records>
